@ARTICLE{WebPerfomance,
  author = {Addy Osmani und Katie Hempenius},
  title = {Speed at Scale: Web Performance Tips and Tricks from the Trenches},
  year = {2019},
  publisher = {Google I/O ’19},
  url = {https://www.youtube.com/watch?v=YJGCZCaIZkQ}
}

@ARTICLE{SearchFriendly,
  author = {Tom Greenaway und John Müller},
  title = {Deliver search-friendly JavaScript-powered websites},
  year = {2018},
  publisher = {Google I/O ’18},
  url = {https://www.youtube.com/watch?v=PFwUbgvpdaQ}
}

@ARTICLE{GoogleSearchAndJS,
  author = {Martin Splitt und Zoe Clifford},
  title = {Google Search and JavaScript Sites},
  year = {2019},
  publisher = {Google I/O ’19},
  url = {https://www.youtube.com/watch?v=Ey0N1Ry0BPM}
}


@misc{chen_chen_2016, 
  title={ReactJS SSR Profiling and Caching}, 
  url={https://medium.com/walmartlabs/reactjs-ssr-profiling-and-caching-5d8e9e49240c}, 
  journal={Medium}, 
  publisher={WalmartLabs}, 
  author={Chen Joel}, year={2016}, month={Sep}
}

@misc{einav_2019, title={Amazon found every 100ms of latency cost them 1% in sales.}, url={https://www.gigaspaces.com/blog/amazon-found-every-100ms-of-latency-cost-them-1-in-sales/}, journal={GigaSpaces}, author={Einav, Yoav}, year={2019}, month={Feb}}

@misc{young, title={These are the Fastest Sites on the Internet, According to New Radware Report}, url={https://www.radware.com/newsevents/pressreleases/fastest-and-slowest-sites-new-radware-report/}, journal={Radware}, author={Young, Matt}}

@misc{airbnbeng_2013, 
  title={Isomorphic JavaScript: The Future of Web Apps}, 
  url={https://medium.com/airbnb-engineering/isomorphic-javascript-the-future-of-web-apps-10882b7a2ebc}, 
  journal={Medium}, 
  publisher={Airbnb Engineering & Data Science}, 
  author={Spike Brehm}, year={2013}, month={Nov}
}

@misc{AlexMoldovan-siderenderinginReact, 
  title={Demystifying server-side rendering in React}, 
  url={https://medium.freecodecamp.org/demystifying-reacts-server-side-render-de335d408fe4}, 
  journal={freeCodeCamp.org}, 
  publisher={freeCodeCamp.org}, 
  author={Alex Moldovan}, 
  year={2018}, month={Mar}
  }

@misc{krajka_2015, title={The difference between Virtual DOM and DOM}, url={https://reactkungfu.com/2015/10/the-difference-between-virtual-dom-and-dom/}, journal={React Kung Fu}, author={Krajka, Bartosz}, year={2015}, month={Oct}}

@misc{breux_2018, title={Client-side vs. Server-side vs. Pre-rendering for Web Apps}, 
  url={https://www.toptal.com/front-end/client-side-vs-server-side-pre-rendering}, 
  journal={Toptal Engineering Blog}, 
  publisher={Toptal}, 
  author={Breux, Guillaume}, 
  year={2018}, month={Sep}
}
@misc{osmani_2019, title={Web Page Usability Matters}, url={https://addyosmani.com/blog/usability/}, journal={addyosmani}, author={Osmani, Addy}, year={2019}, month={Jan}}

@misc{garett_2015, title={The Benefits of Microcaching with NGINX}, url={https://www.nginx.com/blog/benefits-of-microcaching-nginx/}, journal={NGINX}, author={Garett, Owen}, year={2015}, month={Dec}}

@misc{arunoda, title={Next.js Documentation}, url={https://nextjs.org/docs}, journal={Documentation - Getting Started | Next.js}, publisher={ZEIT}, author={Arunoda Susiripala and Tim Neutkens and Naoyuki Kanezawa}}

@book{IsomorphicApps,
  author    = {Jason Strimpel, Maxime Najim}, 
  title     = {Building Isomorphic JavaScript Apps},
  publisher = {O`Reilly},
  year      = 2016,
  edition   = 2
}

@book{kosiuczenko_zielińskizbigniew_2019, 
  place={Cham, Switzerland}, 
  title={Engineering software systems: research and praxis}, 
  publisher={Springer}, 
  author={Kosiuczenko, Piotr and Zieliński Zbigniew}, 
  year={2019}}

@book{sheppard_2017, 
  place={Illinois}, 
  title={Beginning progressive web app development: creating a native app experience on the web}, 
  publisher={Apress}, 
  author={Sheppard, Dennis}, 
  year={2017}
}

@book{tarkus_alabes, 
  title={Isomorphic JavaScript Web Development}, 
  url={https://learning.oreilly.com/library/view/isomorphic-javascript-web/9781785889769/}, 
  journal={O'Reilly | Safari}, 
  publisher={Packt Publishing}, 
  author={Tarkus, Konstantin and Alabes, Tomas}
}
@book{subramanian, 
  title={Pro MERN Stack: full stack web app development with Mongo, Express, React, and Node}, 
  author={Subramanian, Vasan},
  publisher={Apress}, 
}

@misc{so, 
  title={Decoupled Drupal in Practice - Architect and Implement Decoupled Drupal Architectures Across the Stack | Preston So}, 
  url={https://www.apress.com/gp/book/9781484240717}, 
  journal={Apress}, 
  publisher={Apress}, 
  author={So, Preston}
}

@misc{maoberlehner_2018, title={maoberlehner/vue-lazy-hydration}, url={https://github.com/maoberlehner/vue-lazy-hydration}, journal={GitHub}, author={Maoberlehner}, year={2018}}

@book{chen_geroimenko_2006, place={New York}, title={Visualizing the Semantic Web}, publisher={Springer-Verlag London Limited}, author={Chen, Chaomei and Geroimenko, Vladimir}, year={2006}}

@article{jankowski_2017, title={Verwendung von Angular Universal für eine Registrierungsseite}, author={Jankowski, Agata}, year={2017}, month={Feb}}

@misc{vue.jsserver-sideguide, 
  title={Vue.js Server-Side Rendering Guide}, 
  url={https://ssr.vuejs.org/}, 
  journal={Vue SSR Guide}}

@article{subramanian_2017, 
  title={Server Rendering}, 
  DOI={10.1007/978-1-4842-2653-7_11}, 
  journal={Pro MERN Stack}, 
  author={Subramanian, Vasan}, 
  year={2017}, pages={245–273}
}
@misc{east_2017, title={react-ssr-firebase-hosting}, url={https://github.com/davideast/react-ssr-firebase-hosting}, author={east, David}, year={2017}, month={Aug}}
@misc{ kr_2018, title={Server-side rendering your React app in three simple steps}, url={https://www.freecodecamp.org/news/server-side-rendering-your-react-app-in-three-simple-steps-7a82b95db82e/}, journal={freeCodeCamp.org News}, publisher={freeCodeCamp.org News}, author={ Kr, Rohit}, year={2018}, month={Mar}}